@article{schneider2017adposition,
  title={Adposition and Case Supersenses v2: Guidelines for English},
  author={Schneider, Nathan and Bhatia, Jena D Hwang Archna and Han, Na-Rae and Srikumar, Vivek and Moeller, Tim O’Gorman Sarah R and Abend, Omri and Prange, Austin Blodgett Jakob},
  journal={arXiv preprint arXiv:1704.02134},
  year={2017}
}

@InProceedings{blodgett2018semantic,
  title={Semantic Supersenses for English Possessives},
  author={Blodgett, Austin and Schneider, Nathan},
  booktitle = {Proc. of LREC},
  year = {2018},
}

@InProceedings{berg2012empirical,
  author = 	"Berg-Kirkpatrick, Taylor
		and Burkett, David
		and Klein, Dan",
  title = 	"An Empirical Investigation of Statistical Significance in {NLP}",
  booktitle = 	"Proc. of EMNLP-CoNLL",
  year = 	"2012",
  pages = 	"995--1005",
  url = 	"http://www.aclweb.org/anthology/D12-1091"
}

@inproceedings{Rush2012ImprovedPA,
  title={Improved Parsing and POS Tagging Using Inter-Sentence Consistency Constraints},
  author={Alexander M. Rush and Roi Reichart and Michael Collins and Amir Globerson},
  booktitle={Proc of. EMNLP-CoNLL},
  year={2012}
}

@InProceedings{Finkel2009JointPA,
  author = 	"Finkel, Jenny Rose
		and Manning, Christopher D.",
  title = 	"Joint Parsing and Named Entity Recognition",
  booktitle = 	"Proc. of NAACL-HLT",
  year = 	"2009",
  pages = 	"326--334",
  url = 	"http://www.aclweb.org/anthology/N09-1037"
}

@InProceedings{Plank2011EffectiveMO,
  author = 	"Plank, Barbara
		and van Noord, Gertjan",
  title = 	"Effective Measures of Domain Similarity for Parsing",
  booktitle = 	"Proc. of ACL-HLT",
  year = 	"2011",
  pages = 	"1566--1576",
  url = 	"http://www.aclweb.org/anthology/P11-1157"
}

@InProceedings{Buys2017RobustIN,
  author = 	"Buys, Jan
		and Blunsom, Phil",
  title = 	"Robust Incremental Neural Semantic Graph Parsing",
  booktitle = 	"Proc. of ACL",
  year = 	"2017",
  pages = 	"1215--1226",
  doi = 	"10.18653/v1/P17-1112",
  url = 	"http://www.aclweb.org/anthology/P17-1112"
}

@InProceedings{Konstas2017NeuralAS,
  author = 	"Konstas, Ioannis
		and Iyer, Srinivasan
		and Yatskar, Mark
		and Choi, Yejin
		and Zettlemoyer, Luke",
  title = 	"Neural {AMR}: Sequence-to-Sequence Models for Parsing and Generation",
  booktitle = 	"Proc. of ACL",
  year = 	"2017",
  pages = 	"146--157",
  doi = 	"10.18653/v1/P17-1014",
  url = 	"http://www.aclweb.org/anthology/P17-1014"
}

@InProceedings{Gildea2017AddressingTD,
  author = 	"Peng, Xiaochang
		and Wang, Chuan
		and Gildea, Daniel
		and Xue, Nianwen",
  title = 	"Addressing the Data Sparsity Issue in Neural {AMR} Parsing",
  booktitle = 	"Proc. of EACL",
  year = 	"2017",
  pages = 	"366--375",
  url = 	"http://aclweb.org/anthology/E17-1035"
}

@InProceedings{barzdins2016riga,
  author = 	"Barzdins, Guntis and Gosko, Didzis",
  title = 	"{RIGA} at {S}em{E}val-2016 Task 8: Impact of {S}match Extensions and Character-Level Neural Translation on {AMR} Parsing Accuracy",
  booktitle = 	"Proc. of SemEval",
  year = 	"2016",
  pages = 	"1143--1147",
  doi = 	"10.18653/v1/S16-1176",
  url = 	"http://www.aclweb.org/anthology/S16-1176"
}

@inproceedings{sutskever2014sequence,
  title={Sequence to sequence learning with neural networks},
  author={Sutskever, Ilya and Vinyals, Oriol and Le, Quoc V},
  booktitle={Advances in neural information processing systems},
  pages={3104--3112},
  year={2014}
}

@InProceedings{may2016semeval,
  author = 	"May, Jonathan",
  title = 	"Sem{E}val-2016 Task 8: Meaning Representation Parsing",
  booktitle = 	"Proc. of SemEval",
  year = 	"2016",
  pages = 	"1063--1073",
  doi = 	"10.18653/v1/S16-1166",
  url = 	"http://www.aclweb.org/anthology/S16-1166"
}

@InProceedings{baucom2013domain,
  author = 	"Baucom, Eric
		and King, Levi
		and K{\"u}bler, Sandra",
  title = 	"Domain Adaptation for Parsing",
  booktitle = 	"Proc. of RANLP",
  year = 	"2013",
  pages = 	"56--64",
  url = 	"http://www.aclweb.org/anthology/R13-1008"
}

@InProceedings{mcclosky2010automatic,
  author = 	"McClosky, David
		and Charniak, Eugene
		and Johnson, Mark",
  title = 	"Automatic Domain Adaptation for Parsing",
  booktitle = 	"Proc. of NAACL-HLT",
  year = 	"2010",
  pages = 	"28--36",
  url = 	"http://www.aclweb.org/anthology/N10-1004"
}

@inproceedings{DBLP:conf/aaai/Roth17,
  author    = {Dan Roth},
  title     = {Incidental Supervision: Moving beyond Supervised Learning},
  booktitle = {{AAAI}},
  pages     = {4885--4890},
  publisher = {{AAAI} Press},
  year      = {2017}
}

@InProceedings{duong2017multilingual,
  author = 	"Duong, Long
		and Afshar, Hadi
		and Estival, Dominique
		and Pink, Glen
		and Cohen, Philip
		and Johnson, Mark",
  title = 	"Multilingual Semantic Parsing And Code-Switching",
  booktitle = 	"Proc. of CoNLL",
  year = 	"2017",
  pages = 	"379--389",
  doi = 	"10.18653/v1/K17-1038",
  url = 	"http://www.aclweb.org/anthology/K17-1038"
}

@InProceedings{W17-2607,
  author = 	"Fan, Xing
		and Monti, Emilio
		and Mathias, Lambert
		and Dreyer, Markus",
  title = 	"Transfer Learning for Neural Semantic Parsing",
  booktitle = 	"Proc. of Workshop on Representation Learning for NLP",
  year = 	"2017",
  pages = 	"48--56",
  url = 	"http://aclweb.org/anthology/W17-2607"
}

@InProceedings{herzig-berant:2017:Short,
  author    = {Herzig, Jonathan  and  Berant, Jonathan},
  title     = {Neural Semantic Parsing over Multiple Knowledge-bases},
  booktitle = {Proc. of ACL},
  month     = {July},
  year      = {2017},
  pages     = {623--628},
  url       = {http://aclweb.org/anthology/P17-2098}
}

@InProceedings{P15-1166,
  author = 	"Dong, Daxiang
		and Wu, Hua
		and He, Wei
		and Yu, Dianhai
		and Wang, Haifeng",
  title = 	"Multi-Task Learning for Multiple Language Translation",
  booktitle = 	"Proc. of ACL-IJCNLP",
  year = 	"2015",
  pages = 	"1723--1732",
  doi = 	"10.3115/v1/P15-1166",
  url = 	"http://www.aclweb.org/anthology/P15-1166"
}

@InProceedings{D17-1134,
  author = 	"Lan, Man
		and Wang, Jianxiang
		and Wu, Yuanbin
		and Niu, Zheng-Yu
		and Wang, Haifeng",
  title = 	"Multi-task Attention-based Neural Networks for Implicit Discourse Relationship Representation and Identification",
  booktitle = 	"Proc. of EMNLP",
  year = 	"2017",
  pages = 	"1299--1308",
  url = 	"http://aclweb.org/anthology/D17-1134"
}

@article{caruana1998multitask,
author = {Caruana, Rich},
doi = {10.1023/A:1007379606734},
issn = {1573-0565},
journal = {Machine Learning},
month = {jul},
number = {1},
pages = {41--75},
title = {{Multitask Learning}},
url = {https://doi.org/10.1023/A:1007379606734},
volume = {28},
year = {1997}
}

@InProceedings{lluis2008joint,
  author = 	"Llu{\'i}s, Xavier
		and M{\`a}rquez, Llu{\'i}s",
  title = 	"A Joint Model for Parsing Syntactic and Semantic Dependencies",
  booktitle = 	"Proc. of CoNLL",
  year = 	"2008",
  pages = 	"188--192",
  url = 	"http://www.aclweb.org/anthology/W08-2124"

}

@InProceedings{D15-1169,
  author = 	"Lewis, Mike
		and He, Luheng
		and Zettlemoyer, Luke",
  title = 	"Joint {A}* {CCG} Parsing and Semantic Role Labelling",
  booktitle = 	"Proc. of EMNLP",
  year = 	"2015",
  pages = 	"1444--1454",
  doi = 	"10.18653/v1/D15-1169",
  url = 	"http://www.aclweb.org/anthology/D15-1169"
}

@InProceedings{D17-1130,
  author = 	"Ballesteros, Miguel
		and Al-Onaizan, Yaser",
  title = 	"{AMR} Parsing using Stack-{LSTM}s",
  booktitle = 	"Proc. of EMNLP",
  year = 	"2017",
  pages = 	"1269--1275",
  url = 	"http://aclweb.org/anthology/D17-1130"
}

@InProceedings{K17-1040,
  author = 	"Ziser, Yftah
		and Reichart, Roi",
  title = 	"Neural Structural Correspondence Learning for Domain Adaptation",
  booktitle = 	"Proc. of CoNLL",
  year = 	"2017",
  pages = 	"400--410",
  doi = 	"10.18653/v1/K17-1040",
  url = 	"http://www.aclweb.org/anthology/K17-1040"
}

@article{ando2005framework,
  title={A framework for learning predictive structures from multiple tasks and unlabeled data},
  author={Ando, Rie Kubota and Zhang, Tong},
  journal={Journal of Machine Learning Research},
  volume={6},
  number={Nov},
  pages={1817--1853},
  year={2005}
}

@InProceedings{W06-1615,
  author = 	"Blitzer, John
		and McDonald, Ryan
		and Pereira, Fernando",
  title = 	"Domain Adaptation with Structural Correspondence Learning",
  booktitle = 	"Proc. of EMNLP",
  year = 	"2006",
  pages = 	"120--128",
  url = 	"http://www.aclweb.org/anthology/W06-1615"
}

@InProceedings{P07-1033,
  author = 	"Daume III, Hal",
  title = 	"Frustratingly Easy Domain Adaptation",
  booktitle = 	"Proc. of ACL",
  year = 	"2007",
  pages = 	"256--263",
  url = 	"http://www.aclweb.org/anthology/P07-1033"
}

@Article{Q16-1031,
  author = 	"Ammar, Waleed
		and Mulcaire, George
		and Ballesteros, Miguel
		and Dyer, Chris
		and Smith, Noah",
  title = 	"Many Languages, One Parser",
  journal = 	"TACL",
  year = 	"2016",
  volume = 	"4",
  pages = 	"431--444",
  url = 	"http://www.aclweb.org/anthology/Q16-1031"
}

@article{collobert2011natural,
 author = {Collobert, Ronan and Weston, Jason and Bottou, L{\'e}on and Karlen, Michael and Kavukcuoglu, Koray and Kuksa, Pavel},
 title = {Natural Language Processing (Almost) from Scratch},
 journal = {J. Mach. Learn. Res.},
 issue_date = {2/1/2011},
 volume = {12},
 month = nov,
 year = {2011},
 issn = {1532-4435},
 pages = {2493--2537},
 numpages = {45},
 url = {http://dl.acm.org/citation.cfm?id=1953048.2078186},
 acmid = {2078186},
 publisher = {JMLR.org}
}

@InProceedings{D17-1206,
  author = 	"Hashimoto, Kazuma
		and xiong, caiming
		and Tsuruoka, Yoshimasa
		and Socher, Richard",
  title = 	"A Joint Many-Task Model: Growing a Neural Network for Multiple {NLP} Tasks",
  booktitle = 	"Proc. of EMNLP",
  year = 	"2017",
  pages = 	"1923--1933",
  url = 	"http://aclweb.org/anthology/D17-1206"
}
@article{keskar2017improving,
  title={Improving Generalization Performance by Switching from {A}dam to {SGD}},
  author={Nitish Shirish Keskar and Richard Socher},
  journal={CoRR},
  year={2017},
  volume={abs/1712.07628},
  url={https://arxiv.org/abs/1712.07628}
}
@InProceedings{toutanova2005joint,
  author = 	"Toutanova, Kristina
		and Haghighi, Aria
		and Manning, Christopher",
  title = 	"Joint Learning Improves Semantic Role Labeling",
  booktitle = 	"Proc. of ACL",
  year = 	"2005",
  pages = 	"589--596",
  url = 	"http://www.aclweb.org/anthology/P05-1073"
}
@InProceedings{hajivc2009conll,
  author = 	"Haji{\v{c}}, Jan
		and Ciaramita, Massimiliano
		and Johansson, Richard
		and Kawahara, Daisuke
		and Mart{\'i}, Maria Ant{\`o}nia
		and M{\`a}rquez, Llu{\'i}s
		and Meyers, Adam
		and Nivre, Joakim
		and Pad{\'o}, Sebastian
		and {\v{S}}tep{\'a}nek, Jan
		and Stra{\v{n}}{\'a}k, Pavel
		and Surdeanu, Mihai
		and Xue, Nianwen
		and Zhang, Yi",
  title = 	"The {C}o{NLL}-2009 Shared Task: Syntactic and Semantic Dependencies in Multiple Languages",
  booktitle = 	"Proc. of CoNLL",
  year = 	"2009",
  pages = 	"1--18",
  url = 	"http://www.aclweb.org/anthology/W09-1201"
}

@InProceedings{surdeanu2008conll,
  author = 	"Surdeanu, Mihai
		and Johansson, Richard
		and Meyers, Adam
		and M{\`a}rquez, Llu{\'i}s
		and Nivre, Joakim",
  title = 	"The {C}o{NLL} 2008 Shared Task on Joint Parsing of Syntactic and Semantic Dependencies",
  booktitle = 	"Proc. of CoNLL",
  year = 	"2008",
  pages = 	"159--177",
  url = 	"http://www.aclweb.org/anthology/W08-2121"
}

@article{hinton2002training,
  title={Training products of experts by minimizing contrastive divergence},
  author={Hinton, Geoffrey E},
  journal={Neural computation},
  volume={14},
  number={8},
  pages={1771--1800},
  year={2002},
  publisher={MIT Press}
}

@incollection{NIPS2016_6241,
author = {Gal, Yarin and Ghahramani, Zoubin},
booktitle = {Advances in Neural Information Processing Systems 29},
editor = {Lee, D D and Sugiyama, M and Luxburg, U V and Guyon, I and Garnett, R},
pages = {1019--1027},
publisher = {Curran Associates, Inc.},
title = {{A Theoretically Grounded Application of Dropout in Recurrent Neural Networks}},
url = {http://papers.nips.cc/paper/6241-a-theoretically-grounded-application-of-dropout-in-recurrent-neural-networks.pdf},
year = {2016}
}

@article{j.2018on,
title={On the Convergence of {A}dam and Beyond},
author={Sashank J. Reddi, Satyen Kale, Sanjiv Kumar},
journal={ICLR},
year={2018},
url={https://openreview.net/forum?id=ryQu7f-RZ}
}

@InProceedings{K17-3002,
  author = 	"Dozat, Timothy
		and Qi, Peng
		and Manning, Christopher D.",
  title = 	"Stanford's Graph-based Neural Dependency Parser at the CoNLL 2017 Shared Task",
  booktitle = 	"Proc. of CoNLL",
  year = 	"2017",
  pages = 	"20--30",
  doi = 	"10.18653/v1/K17-3002",
  url = 	"http://www.aclweb.org/anthology/K17-3002"
}

@InProceedings{P16-1139,
  author = 	"Bowman, Samuel R.
		and Gauthier, Jon
		and Rastogi, Abhinav
		and Gupta, Raghav
		and Manning, Christopher D.
		and Potts, Christopher",
  title = 	"A Fast Unified Model for Parsing and Sentence Understanding",
  booktitle = 	"Proc. of ACL",
  year = 	"2016",
  pages = 	"1466--1477",
  doi = 	"10.18653/v1/P16-1139",
  url = 	"http://www.aclweb.org/anthology/P16-1139"
}

@InProceedings{E17-1117,
  author = 	"Kuncoro, Adhiguna
		and Ballesteros, Miguel
		and Kong, Lingpeng
		and Dyer, Chris
		and Neubig, Graham
		and Smith, Noah A.",
  title = 	"What Do Recurrent Neural Network Grammars Learn About Syntax?",
  booktitle = 	"Proc. of EACL",
  year = 	"2017",
  pages = 	"1249--1258",
  url = 	"http://aclweb.org/anthology/E17-1117"
}

@InProceedings{SCHUSTER16.779,
  author = {Sebastian Schuster and Christopher D. Manning},
  title = {Enhanced {E}nglish {U}niversal {D}ependencies: An Improved Representation for Natural Language Understanding Tasks},
  booktitle = {Proc. of LREC},
  year = {2016},
  month = {may},
  date = {23-28},
  publisher = {ELRA},
  isbn = {978-2-9517408-9-1},
  url={https://nlp.stanford.edu/pubs/schuster2016enhanced.pdf}
}

@InProceedings{foland2017abstract,
  author = 	"Foland, William and Martin, James H.",
  title = 	"{A}bstract {M}eaning {R}epresentation Parsing using {LSTM} Recurrent Neural Networks",
  booktitle = 	"Proc. of ACL",
  year = 	"2017",
  pages = 	"463--472",
  doi = 	"10.18653/v1/P17-1043",
  url = 	"http://www.aclweb.org/anthology/P17-1043"
}


@InProceedings{C16-1179,
  author = 	"Braud, Chlo{\'e} and Plank, Barbara and S{\o}gaard, Anders",
  title = 	"Multi-view and multi-task training of {RST} discourse parsers",
  booktitle = 	"Proc. of COLING",
  year = 	"2016",
  pages = 	"1903--1913",
  location = 	"Osaka, Japan",
  url = 	"http://www.aclweb.org/anthology/C16-1179"
}

@InProceedings{C16-1059,
  author = 	"Plank, Barbara",
  title = 	"Keystroke dynamics as signal for shallow syntactic parsing",
  booktitle = 	"Proc. of COLING",
  year = 	"2016",
  pages = 	"609--619",
  location = 	"Osaka, Japan",
  url = 	"http://www.aclweb.org/anthology/C16-1059"
}

@InProceedings{C16-1013,
  author = 	"Bollmann, Marcel
		and S{\o}gaard, Anders",
  title = 	"Improving historical spelling normalization with bi-directional LSTMs and multi-task learning",
  booktitle = 	"Proc. of COLING",
  year = 	"2016",
  pages = 	"131--139",
  location = 	"Osaka, Japan",
  url = 	"http://www.aclweb.org/anthology/C16-1013"
}

@InProceedings{P16-2038,
  author = 	"S{\o}gaard, Anders
		and Goldberg, Yoav",
  title = 	"Deep multi-task learning with low level tasks supervised at lower layers",
  booktitle = 	"Proc. of ACL",
  year = 	"2016",
  pages = 	"231--235",
  location = 	"Berlin, Germany",
  doi = 	"10.18653/v1/P16-2038",
  url = 	"http://www.aclweb.org/anthology/P16-2038"
}

@InProceedings{N16-1179,
  author = 	"Klerke, Sigrid
		and Goldberg, Yoav
		and S{\o}gaard, Anders",
  title = 	"Improving sentence compression by learning to predict gaze",
  booktitle = 	"Proc. of NAACL-HLT",
  year = 	"2016",
  pages = 	"1528--1533",
  location = 	"San Diego, California",
  doi = 	"10.18653/v1/N16-1179",
  url = 	"http://www.aclweb.org/anthology/N16-1179"
}

@InProceedings{E17-1005,
  author = 	"Mart{\'i}nez Alonso, H{\'e}ctor
		and Plank, Barbara",
  title = 	"When is multitask learning effective? {S}emantic sequence prediction under varying data conditions",
  booktitle = 	"Proc. of EACL",
  year = 	"2017",
  pages = 	"44--53",
  url = 	"http://www.aclweb.org/anthology/E17-1005"
}

@InProceedings{E17-2026,
  author = 	"Bingel, Joachim
		and S{\o}gaard, Anders",
  title = 	"Identifying beneficial task relations for multi-task learning in deep neural networks",
  booktitle = 	"Proc. of EACL",
  year = 	"2017",
  pages = 	"164--169",
  location = 	"Valencia, Spain",
  url = 	"http://www.aclweb.org/anthology/E17-2026"
}

@inproceedings{isem2013daiber,
  title = {Improving Efficiency and Accuracy in Multilingual Entity Extraction},
  author = {Joachim Daiber and Max Jakob and Chris Hokamp and Pablo N. Mendes},
  year = {2013},
  booktitle = {Proc. of I-Semantics}
}

@InProceedings{cai2013smatch,
  author = 	"Cai, Shu
		and Knight, Kevin",
  title = 	"Smatch: an Evaluation Metric for Semantic Feature Structures",
  booktitle = 	"Proc. of ACL",
  year = 	"2013",
  pages = 	"748--752",
  url = 	"http://www.aclweb.org/anthology/P13-2131"
}

@MastersThesis{more2016joint,
  title={Joint Morpho-Syntactic Processing of Morphologically Rich Languages in a Transition-Based Framework},
  author={More, Amir},
  year={2016},
  school={The Interdisciplinary Center, Herzliya},
  url={https://www.idc.ac.il/en/schools/cs/research/Documents/amir-mor-thesis.pdf}
}

@InProceedings{E17-1035,
  author = 	"Peng, Xiaochang
		and Wang, Chuan
		and Gildea, Daniel
		and Xue, Nianwen",
  title = 	"Addressing the Data Sparsity Issue in Neural {AMR} Parsing",
  booktitle = 	"Proc. of EACL",
  year = 	"2017",
  pages = 	"366--375",
  location = 	"Valencia, Spain",
  url = 	"http://www.aclweb.org/anthology/E17-1035"
}

@InProceedings{buys2017oxford,
  author = 	"Buys, Jan
		and Blunsom, Phil",
  title = 	"Oxford at {S}em{E}val-2017 Task 9: Neural {AMR} Parsing with Pointer-Augmented Attention",
  booktitle = 	"Proc. of SemEval",
  year = 	"2017",
  pages = 	"914--919",
  doi = 	"10.18653/v1/S17-2157",
  url = 	"http://www.aclweb.org/anthology/S17-2157"
}

@misc{11234/1-2515,
 title = {Universal Dependencies 2.1},
 author = {Nivre, Joakim and Agi{\'c}, {\v Z}eljko and Ahrenberg, Lars and Antonsen, Lene and Aranzabe, Maria Jesus and Asahara, Masayuki and Ateyah, Luma and Attia, Mohammed and Atutxa, Aitziber and Augustinus, Liesbeth and Badmaeva, Elena and Ballesteros, Miguel and Banerjee, Esha and Bank, Sebastian and Barbu Mititelu, Verginica and Bauer, John and Bengoetxea, Kepa and Bhat, Riyaz Ahmad and Bick, Eckhard and Bobicev, Victoria and B{\"o}rstell, Carl and Bosco, Cristina and Bouma, Gosse and Bowman, Sam and Burchardt, Aljoscha and Candito, Marie and Caron, Gauthier and Cebiroğlu Eryiğit, G{\"u}l{\c s}en and Celano, Giuseppe G. A. and Cetin, Savas and Chalub, Fabricio and Choi, Jinho and Cinkov{\'a}, Silvie and {\c C}{\"o}ltekin, {\c C}ağrı and Connor, Miriam and Davidson, Elizabeth and de Marneffe, Marie-Catherine and de Paiva, Valeria and Diaz de Ilarraza, Arantza and Dirix, Peter and Dobrovoljc, Kaja and Dozat, Timothy and Droganova, Kira and Dwivedi, Puneet and Eli, Marhaba and Elkahky, Ali and Erjavec, Toma{\v z} and Farkas, Rich{\'a}rd and Fernandez Alcalde, Hector and Foster, Jennifer and Freitas, Cl{\'a}udia and Gajdo{\v s}ov{\'a}, Katar{\'i}na and Galbraith, Daniel and Garcia, Marcos and G{\"a}rdenfors, Moa and Gerdes, Kim and Ginter, Filip and Goenaga, Iakes and Gojenola, Koldo and G{\"o}kırmak, Memduh and Goldberg, Yoav and G{\'o}mez Guinovart, Xavier and Gonz{\'a}les Saavedra, Berta and Grioni,
 Matias and Gr{\=
u}z{\=i}tis, Normunds and Guillaume, Bruno and Habash, Nizar and Haji{\v c}, Jan and Haji{\v c} jr., Jan and H{\`a} Mỹ, Linh and Harris, Kim and Haug, Dag and Hladk{\'a}, Barbora and Hlav{\'a}{\v c}ov{\'a}, Jaroslava and Hociung, Florinel and Hohle, Petter and Ion, Radu and Irimia, Elena and Jel{\'i}nek, Tom{\'a}{\v s} and Johannsen, Anders and J{\o}rgensen, Fredrik and Ka{\c s}ıkara, H{\"u}ner and Kanayama, Hiroshi and Kanerva, Jenna and Kayadelen, Tolga and Kettnerov{\'a}, V{\'a}clava and Kirchner, Jesse and Kotsyba, Natalia and Krek, Simon and Laippala, Veronika and Lambertino, Lorenzo and Lando, Tatiana and Lee, John and L{\^e} Hồng, Phương and Lenci, Alessandro and Lertpradit, Saran and Leung, Herman and Li, Cheuk Ying and Li, Josie and Li, Keying and Ljube{\v s}i{\'c}, Nikola and Loginova, Olga and Lyashevskaya, Olga and Lynn, Teresa and Macketanz, Vivien and Makazhanov, Aibek and Mandl, Michael and Manning, Christopher and M{\u a}r{\u a}nduc, C{\u a}t{\u a}lina and Mare{\v c}ek, David and Marheinecke, Katrin and Mart{\'i}nez Alonso, H{\'e}ctor and Martins, Andr{\'e} and Ma{\v s}ek, Jan and Matsumoto, Yuji and {McDonald}, Ryan and Mendon{\c c}a, Gustavo and Miekka, Niko and Missil{\"a}, Anna and Mititelu, C{\u a}t{\u a}lin and Miyao, Yusuke and Montemagni, Simonetta and More, Amir and Moreno Romero, Laura and Mori, Shinsuke and Moskalevskyi, Bohdan and Muischnek, Kadri and M{\"u}{\"u}risep, Kaili and Nainwani, Pinkey and Nedoluzhko,
 Anna and Ne{\v s}pore-B{\=e}rzkalne, Gunta and Nguyễn Thị, Lương and Nguyễn Thị Minh, Huyền and Nikolaev, Vitaly and Nurmi, Hanna and Ojala, Stina and Osenova, Petya and {\"O}stling, Robert and {\O}vrelid, Lilja and Pascual, Elena and Passarotti, Marco and Perez, Cenel-Augusto and Perrier, Guy and Petrov, Slav and Piitulainen, Jussi and Pitler, Emily and Plank, Barbara and Popel, Martin and Pretkalniņa, Lauma and Prokopidis, Prokopis and Puolakainen, Tiina and Pyysalo, Sampo and Rademaker, Alexandre and Ramasamy, Loganathan and Rama, Taraka and Ravishankar, Vinit and Real, Livy and Reddy, Siva and Rehm, Georg and Rinaldi, Larissa and Rituma, Laura and Romanenko, Mykhailo and Rosa, Rudolf and Rovati, Davide and Sagot, Beno{\^i}t and Saleh, Shadi and Samard{\v z}i{\'c}, Tanja and Sanguinetti,
 Manuela and Saul{\=i}te, Baiba and Schuster, Sebastian and Seddah, Djam{\'e} and Seeker, Wolfgang and Seraji, Mojgan and Shen, Mo and Shimada, Atsuko and Sichinava, Dmitry and Silveira, Natalia and Simi, Maria and Simionescu, Radu and Simk{\'o}, Katalin and {\v S}imkov{\'a}, M{\'a}ria and Simov, Kiril and Smith, Aaron and Stella, Antonio and Straka, Milan and Strnadov{\'a}, Jana and Suhr, Alane and Sulubacak, Umut and Sz{\'a}nt{\'o}, Zsolt and Taji, Dima and Tanaka, Takaaki and Trosterud, Trond and Trukhina, Anna and Tsarfaty, Reut and Tyers, Francis and Uematsu, Sumire and Ure{\v s}ov{\'a}, Zde{\v n}ka and Uria, Larraitz and Uszkoreit, Hans and Vajjala, Sowmya and van Niekerk, Daniel and van Noord, Gertjan and Varga, Viktor and Villemonte de la Clergerie, Eric and Vincze, Veronika and Wallin, Lars and Washington, Jonathan North and Wir{\'e}n, Mats and Wong, Tak-sum and Yu, Zhuoran and {\v Z}abokrtsk{\'y}, Zden{\v e}k and Zeldes, Amir and Zeman, Daniel and Zhu, Hanzhi},
 url = {http://hdl.handle.net/11234/1-2515},
 note = {{LINDAT}/{CLARIN} digital library at the Institute of Formal and Applied Linguistics ({{\'U}FAL}), Faculty of Mathematics and Physics, Charles University},
 copyright = {Licence Universal Dependencies v2.1},
 year = {2017}
}

@ARTICLE{spacy2,
   AUTHOR  = {Honnibal, Matthew AND Montani, Ines},
   TITLE   = {spa{C}y 2: Natural language understanding with {B}loom embeddings, convolutional neural networks and incremental parsing},
   YEAR    = {2018},
   JOURNAL = {To appear}
}
@Article{bojanowski2016enriching,
  author = 	"Bojanowski, Piotr
		and Grave, Edouard
		and Joulin, Armand
		and Mikolov, Tomas",
  title = 	"Enriching Word Vectors with Subword Information",
  journal = 	"TACL",
  year = 	"2017",
  volume = 	"5",
  pages = 	"135--146",
  url = 	"http://aclweb.org/anthology/Q17-1010"
}
@inproceedings{collobert2008unified,
  title={A unified architecture for natural language processing: Deep neural networks with multitask learning},
  author={Collobert, Ronan and Weston, Jason},
  booktitle={Proc. of ICML},
  pages={160--167},
  year={2008},
  organization={ACM}
}
@InProceedings{nivre2016universal,
  author = {Joakim Nivre and Marie-Catherine de Marneffe and Filip Ginter and Yoav Goldberg and Jan Hajic and Christopher D. Manning and Ryan McDonald and Slav Petrov and Sampo Pyysalo and Natalia Silveira and Reut Tsarfaty and Daniel Zeman},
  title = {Universal Dependencies v1: A Multilingual Treebank Collection},
  booktitle = {Proc. of LREC},
  year = {2016},
  month = {may},
  date = {23-28},
  isbn = {978-2-9517408-9-1},
  url={https://nlp.stanford.edu/pubs/nivre2016ud.pdf}
 }
@book{pollard1994head,
  title={Head-driven phrase structure grammar},
  author={Pollard, Carl and Sag, Ivan A},
  year={1994},
  publisher={University of Chicago Press}
}

@INPROCEEDINGS{copestake2000open,
    author = {Ann Copestake and Dan Flickinger},
    title = {An open source grammar development environment and broad-coverage {E}nglish grammar using {HPSG}},
    booktitle = {Proc. of LREC},
    year = {2000},
    pages = {591--600},
    url={https://www.cl.cam.ac.uk/~aac10/papers/lrec2000.pdf}
}

@inproceedings{flickinger2012deepbank,
Title = {Deep{B}ank: A Dynamically Annotated Treebank of the {W}all {S}treet {J}ournal},
Author = {Daniel Flickinger and Yi Zhang and Valia Kordoni},
BookTitle = {Proc. of Workshop on Treebanks and Linguistic Theories},
Year = {2012},
Pages = {85-96},
url={https://www.dfki.de/lt/publication_show.php?id=6619}
}

@InProceedings{may2017semeval,
  author = 	"May, Jonathan
		and Priyadarshi, Jay",
  title = 	"Sem{E}val-2017 Task 9: {A}bstract {M}eaning {R}epresentation Parsing and Generation",
  booktitle = 	"Proc. of SemEval",
  year = 	"2017",
  pages = 	"536--545",
  doi = 	"10.18653/v1/S17-2090",
  url = 	"http://www.aclweb.org/anthology/S17-2090"
}

@article{zeman2017conll,
  title={Co{NLL} 2017 shared task: multilingual parsing from raw text to universal dependencies},
  author={Zeman, Daniel and Popel, Martin and Straka, Milan and Hajic, Jan and Nivre, Joakim and Ginter, Filip and Luotolahti, Juhani and Pyysalo, Sampo and Petrov, Slav and Potthast, Martin and others},
  journal={Proc. of CoNLL},
  pages={1--19},
  year={2017}
}

@article{luong2015multi,
  title={Multi-task sequence to sequence learning},
  author={Luong, Minh-Thang and Le, Quoc V and Sutskever, Ilya and Vinyals, Oriol and Kaiser, Lukasz},
  journal={arXiv preprint arXiv:1511.06114},
  year={2015}
}

@InProceedings{Zhang2016StackpropagationIR,
  author = 	"Zhang, Yuan
		and Weiss, David",
  title = 	"Stack-propagation: Improved Representation Learning for Syntax",
  booktitle = 	"Proc. of ACL",
  year = 	"2016",
  pages = 	"1557--1566",
  doi = 	"10.18653/v1/P16-1147",
  url = 	"http://www.aclweb.org/anthology/P16-1147"
}

@article{TACL892,
	author = {Ammar, Waleed  and Mulcaire, George  and Ballesteros, Miguel  and Dyer, Chris  and Smith, Noah },
	title = {Many Languages, One Parser},
	journal = {TACL},
	volume = {4},
	year = {2016},
	keywords = {},
	issn = {2307-387X},
	url = {https://transacl.org/ojs/index.php/tacl/article/view/892},
	pages = {431--444}
}

@article{guo2016exploiting,
  title={Exploiting Multi-typed Treebanks for Parsing with Deep Multi-task Learning},
  author={Jiang Guo and Wanxiang Che and Haifeng Wang and Ting Liu},
  journal={CoRR},
  year={2016},
  volume={abs/1606.01161},
  url={https://arxiv.org/abs/1606.01161}
}

@article{ruder2017overview,
  title={An overview of multi-task learning in deep neural networks},
  author={Ruder, Sebastian},
  journal={arXiv preprint arXiv:1706.05098},
  year={2017}
}

@article{dozat2016deep,
  title={Deep Biaffine Attention for Neural Dependency Parsing},
  author={Timothy Dozat and Christopher D. Manning},
  journal={CoRR},
  year={2016},
  volume={abs/1611.01734},
  url={https://arxiv.org/abs/1611.01734}
}

@InProceedings{P17-1186,
  author = 	"Peng, Hao
		and Thomson, Sam
		and Smith, Noah A.",
  title = 	"Deep Multitask Learning for Semantic Dependency Parsing",
  booktitle = 	"Proc. of ACL",
  year = 	"2017",
  pages = 	"2037--2048",
  location = 	"Vancouver, Canada",
  doi = 	"10.18653/v1/P17-1186",
  url = 	"http://aclanthology.coli.uni-saarland.de/pdf/P/P17/P17-1186.pdf"
}

@Article{gildea2002automatic,
  author = 	"Gildea, Daniel
		and Jurafsky, Daniel",
  title = 	"Automatic Labeling of Semantic Roles",
  journal = 	"Computational Linguistics",
  year = 	"2002",
  volume = 	"28",
  number = 	"3",
  url = 	"http://www.aclweb.org/anthology/J02-3001"
}

@article{swayamdipta2017frame,
  title={Frame-Semantic Parsing with Softmax-Margin Segmental RNNs and a Syntactic Scaffold},
  author={Swabha Swayamdipta and Sam Thomson and Chris Dyer and Noah A. Smith},
  journal={CoRR},
  year={2017},
  volume={abs/1706.09528},
  url={https://arxiv.org/abs/1706.09528}
}

@article{ringgaard2017sling,
  title={SLING: A framework for frame semantic parsing},
  author={Ringgaard, Michael and Gupta, Rahul and Pereira, Fernando CN},
  journal={arXiv preprint arXiv:1710.07032},
  year={2017}
}

@inproceedings{ZhangTDP11,
  title = {Transition-Based Dependency Parsing with Rich Non-Local Features},
  booktitle = {Proc. of ACL-HLT},
  publisher = {},
  year = {2011},
  pages = {188--193},
  author = {Zhang, Yue and Nivre, Joakim},
  editor = {},
  url = {http://www.aclweb.org/anthology/P11-2033.pdf},
  note = {}
}

@InProceedings{oepen2016towards,
  author = {Stephan Oepen and Marco Kuhlmann and Yusuke Miyao and Daniel Zeman and Silvie Cinkova and Dan Flickinger and Jan Hajic and Angelina Ivanova and Zdenka Uresova},
  title = {Towards Comparability of Linguistic Graph Banks for Semantic Parsing},
  booktitle = {Proc. of LREC},
  year = {2016},
  month = {may},
  date = {23-28},
  isbn = {978-2-9517408-9-1},
  url={http://www.lrec-conf.org/proceedings/lrec2016/pdf/887_Paper.pdf}
 }

@techreport{nivre2005dependency,
  title = {Dependency Grammar and Dependency Parsing},
  year = {2005},
  institution = {V{\"a}xj{\"o} University, School of Mathematics and Systems Engineering},
  author = {Nivre, Joakim},
  number = {MSI 05133},
  url = {http://stp.lingfil.uu.se/~nivre/docs/05133.pdf},
  note = {}
}

@article{goldberg2016primer,
  title={A Primer on Neural Network Models for Natural Language Processing},
  author={Goldberg, Yoav},
  year={2016}
}

@article{zhou2017neural,
  title={A Neural Probabilistic Structured-Prediction Method for Transition-Based Natural Language Processing},
  author={Zhou, Hao and Zhang, Yue and Cheng, Chuan and Huang, Shujian and Dai, Xinyu and Chen, Jiajun},
  journal={Journal of Artificial Intelligence Research},
  volume={58},
  pages={703--729},
  year={2017}
}

@InProceedings{bohnet2012transition,
  author = 	"Bohnet, Bernd
		and Nivre, Joakim",
  title = 	"A Transition-Based System for Joint Part-of-Speech Tagging and Labeled Non-Projective Dependency Parsing",
  booktitle = 	"Proc. of EMNLP-CoNLL",
  year = 	"2012",
  pages = 	"1455--1465",
  url = 	"http://www.aclweb.org/anthology/D12-1133"
}

@article{kuhlmann2010transition,
  title={Transition-based techniques for non-projective dependency parsing},
  author={Kuhlmann, Marco and Nivre, Joakim},
  journal={NEJLT},
  volume={2},
  number={1},
  pages={1--19},
  year={2010},
  publisher={Link{\"o}ping University Electronic Press}
}

@article{goldberg2013training,
  title={Training deterministic parsers with non-deterministic oracles},
  author={Goldberg, Yoav and Nivre, Joakim},
  journal={TACL},
  volume={1},
  pages={403--414},
  year={2013}
}

@inproceedings{goldberg2013dynamic,
  title={Dynamic-oracle transition-based parsing with calibrated probabilistic output},
  author={Goldberg, Yoav},
  booktitle={Proc. of IWPT},
  year={2013}
}

@InProceedings{ballesteros-EtAl:2016:EMNLP2016,
  author    = {Ballesteros, Miguel  and  Goldberg, Yoav  and  Dyer, Chris  and  Smith, Noah A.},
  title     = {Training with Exploration Improves a Greedy Stack LSTM Parser},
  booktitle = {Proc. of EMNLP},
  month     = {November},
  year      = {2016},
  address   = {Austin, Texas},
  pages     = {2005--2010},
  url       = {https://aclweb.org/anthology/D16-1211}
}

@article{nivre2008algorithms,
  title={Algorithms for deterministic incremental dependency parsing},
  author={Nivre, Joakim},
  journal={Computational Linguistics},
  volume={34},
  number={4},
  pages={513--553},
  year={2008},
  publisher={MIT Press}
}


@InProceedings{zhang-zhang-fu:2016:P16-1,
  author    = {Zhang, Meishan  and  Zhang, Yue  and  Fu, Guohong},
  title     = {Transition-Based Neural Word Segmentation},
  booktitle = {Proc. of ACL},
  month     = {August},
  year      = {2016},
  address   = {Berlin, Germany},
  pages     = {421--431},
  url       = {http://www.aclweb.org/anthology/P16-1040}
}

@InProceedings{lample-EtAl:2016:N16-1,
  author    = {Lample, Guillaume  and  Ballesteros, Miguel  and  Subramanian, Sandeep  and  Kawakami, Kazuya  and  Dyer, Chris},
  title     = {Neural Architectures for Named Entity Recognition},
  booktitle = {Proc. of NAACL HLT},
  month     = {June},
  year      = {2016},
  address   = {San Diego, California},
  pages     = {260--270},
  url       = {http://www.aclweb.org/anthology/N16-1030}
}

@article{kong2017dragnn,
  title={{DRAGNN}: A Transition-based Framework for Dynamically Connected Neural Networks},
  author={Kong, Lingpeng and Alberti, Chris and Andor, Daniel and Bogatyy, Ivan and Weiss, David},
  journal={arXiv preprint arXiv:1703.04474},
  year={2017}
}

@article{abend2017uccaapp,
  title={UCCAApp: Web-application for syntactic and semantic phrase-based annotation},
  author={Abend, Omri and Yerushalmi, Shai and Rappoport, Ari},
  journal={Proc. of ACL System Demonstrations},
  pages={109--114},
  year={2017}
}

@inproceedings{goldberg2010efficient,
  title={An efficient algorithm for easy-first non-directional dependency parsing},
  author={Goldberg, Yoav and Elhadad, Michael},
  booktitle={Proc. of NAACL},
  pages={742--750},
  year={2010},
}

@InProceedings{gomez2010a,
  author    = {G\'{o}mez-Rodr\'{i}guez, Carlos  and  Nivre, Joakim},
  title     = {A Transition-Based Parser for 2-Planar Dependency Structures},
  booktitle = {Proc. of ACL},
  month     = {July},
  year      = {2010},
  location  = {Uppsala, Sweden},
  pages     = {1492--1501},
  url       = {http://www.aclweb.org/anthology/P10-1151},
  isbn      = {978-1-932432-67-1},
}

@InProceedings{hershcovich2017a,
  author    = {Hershcovich, Daniel  and  Abend, Omri  and  Rappoport, Ari},
  title     = {A Transition-Based Directed Acyclic Graph Parser for {UCCA}},
  booktitle = {Proc. of ACL},
  year      = {2017},
  pages     = {1127--1138},
  url       = {http://aclweb.org/anthology/P17-1104}
}

@InProceedings{abend2017state,
  author = 	"Abend, Omri
		and Rappoport, Ari",
  title = 	"The State of the Art in Semantic Representation",
  booktitle = 	"Proc. of ACL",
  year = 	"2017",
  pages = 	"77--89",
  doi = 	"10.18653/v1/P17-1008",
  url = 	"http://www.aclweb.org/anthology/P17-1008"
}


@article{weischedel2013ontonotes,
  title={Onto{N}otes release 5.0 {LDC2013T19}},
  author={Weischedel, Ralph and Palmer, Martha and Marcus, Mitchell and Hovy, Eduard and Pradhan, Sameer and Ramshaw, Lance and Xue, Nianwen and Taylor, Ann and Kaufman, Jeff and Franchini, Michelle and others},
  journal={Linguistic Data Consortium, Philadelphia, PA},
  year={2013},
  url={https://catalog.ldc.upenn.edu/LDC2013T19}
}
@InProceedings{narayan2014hybrid,
  author    = {Narayan, Shashi  and  Gardent, Claire},
  title     = {Hybrid Simplification using Deep Semantics and Machine Translation},
  booktitle = {Proc. of ACL},
  month     = {June},
  year      = {2014},
  pages     = {435--445},
  url       = {http://aclweb.org/anthology/P14-1041}
}
@inproceedings{zhang2011shift,
  title={Shift-reduce {CCG} parsing},
  author={Zhang, Yue and Clark, Stephen},
  booktitle={Proc. of ACL},
  month     = {June},
  year      = {2011},
  pages     = {683--692},
  url       = {http://aclweb.org/anthology/P11-1069}
}
@article{neubig2017dynet,
  title={Dy{N}et: The Dynamic Neural Network Toolkit},
  author={Graham Neubig and Chris Dyer and Yoav Goldberg and Austin Matthews and Waleed Ammar and Antonios Anastasopoulos and Miguel Ballesteros and David Chiang and Daniel Clothiaux and Trevor Cohn and Kevin Duh and Manaal Faruqui and Cynthia Gan and Dan Garrette and Yangfeng Ji and Lingpeng Kong and Adhiguna Kuncoro and Gaurav Kumar and Chaitanya Malaviya and Paul Michel and Yusuke Oda and Matthew Richardson and Naomi Saphra and Swabha Swayamdipta and Pengcheng Yin},
  journal={CoRR},
  year={2017},
  volume={abs/1701.03980},
  url={https://arxiv.org/abs/1701.03980}
}
@InProceedings{honnibal-johnson:2015:EMNLP,
  author    = {Honnibal, Matthew  and  Johnson, Mark},
  title     = {An Improved Non-monotonic Transition System for Dependency Parsing},
  booktitle = {Proc. of EMNLP},
  month     = {September},
  year      = {2015},
  pages     = {1373--1378},
  url       = {http://aclweb.org/anthology/D15-1162}
}
@inproceedings{damonte-17,
  title={An Incremental Parser for {A}bstract {M}eaning {R}epresentation},
  author={Marco Damonte and Shay B. Cohen and Giorgio Satta},
  booktitle={Proc. of EACL},
  year={2017},
  url={http://homepages.inf.ed.ac.uk/scohen/eacl17amr.pdf}
}
@inproceedings{zhou2016amr,
  title={{AMR} Parsing with an Incremental Joint Model},
  author={Zhou, Junsheng and Xu, Feiyu and Uszkoreit, Hans and Qu, Weiguang and Li, Ran and Gu, Yanhui},
  booktitle = {Proc. of EMNLP},
  month     = {November},
  year      = {2016},
  pages     = {680--689},
  url       = {http://aclweb.org/anthology/D16-1065}
}
@inproceedings{goodman2016noise,
  title={Noise reduction and targeted exploration in imitation learning for {A}bstract {M}eaning {R}epresentation parsing},
  author={Goodman, James and Vlachos, Andreas and Naradowsky, Jason},
  booktitle = {Proc. of ACL},
  month     = {August},
  year      = {2016},
  pages     = {1--11},
  url       = {http://aclweb.org/anthology/P16-1001}
}
@article{kuhlmann2016towards,
  title={Towards A Catalogue of Linguistic Graph Banks},
  author={Kuhlmann, Marco and Oepen, Stephan},
  journal={Computational Linguistics},
  year={2016},
  publisher={MIT Press},
  url={https://mn.uio.no/ifi/english/people/aca/oe/cl.pdf}
}
@book{croft2004cognitive,
  title={Cognitive linguistics},
  author={Croft, William and Cruse, D Alan},
  year={2004},
  publisher={Cambridge University Press}
}
@inproceedings{dipendra2016neural,
  title={Neural Shift-Reduce {CCG} Semantic Parsing},
  author={Misra, Dipendra K and Artzi, Yoav},
  booktitle={Proc. of EMNLP},
  year={2016},
  pages={1775--1786},
  url={http://aclweb.org/anthology/D16-1183}
}
@InProceedings{ambati-deoskar-steedman:2016:N16-1,
  author    = {Ambati, Bharat Ram  and  Deoskar, Tejaswini  and  Steedman, Mark},
  title     = {Shift-Reduce {CCG} Parsing using Neural Network Models},
  booktitle = {Proc. of NAACL-HLT},
  month     = {June},
  year      = {2016},
  pages     = {447--453},
  url       = {http://aclweb.org/anthology/N16-1052}
}
@InProceedings{constant-nivre:2016:P16-1,
  author    = {Constant, Matthieu  and  Nivre, Joakim},
  title     = {A Transition-Based System for Joint Lexical and Syntactic Analysis},
  booktitle = {Proc. of ACL},
  month     = {August},
  year      = {2016},
  pages     = {161--171},
  url       = {http://aclweb.org/anthology/P16-1016}
}
@article{srivastava2014dropout,
  author  = {Nitish Srivastava and Geoffrey Hinton and Alex Krizhevsky and Ilya Sutskever and Ruslan Salakhutdinov},
  title   = {Dropout: A Simple Way to Prevent Neural Networks from Overfitting},
  journal = {Journal of Machine Learning Research},
  year    = {2014},
  volume  = {15},
  pages   = {1929-1958},
  url     = {http://jmlr.org/papers/v15/srivastava14a.html}
}
@article{kingma2014adam,
  author    = {Diederik P. Kingma and Jimmy Ba},
  title     = {Adam: {A} Method for Stochastic Optimization},
  journal   = {CoRR},
  volume    = {abs/1412.6980},
  year      = {2014},
  url       = {http://arxiv.org/abs/1412.6980}
}
@inproceedings{chen2014fast,
  title={A Fast and Accurate Dependency Parser using Neural Networks},
  author={Chen, Danqi and Manning, Christopher},
  booktitle={Proc. of EMNLP},
  pages={740--750},
  year={2014},
  url={http://aclweb.org/anthology/D14-1082}
}
@InProceedings{birch2016hume,
  author    = {Birch, Alexandra  and  Abend, Omri  and  Bojar, Ond\v{r}ej  and  Haddow, Barry},
  title={{HUME}: Human {UCCA}-Based Evaluation of Machine Translation},
  booktitle = {Proc. of EMNLP},
  month     = {November},
  year      = {2016},
  pages     = {1264--1274},
  url       = {http://aclweb.org/anthology/D16-1134}
}
@InProceedings{maier-lichte:2016:DiscoNLP,
  author    = {Maier, Wolfgang  and  Lichte, Timm},
  title     = {Discontinuous parsing with continuous trees},
  booktitle = {Proc. of Workshop on Discontinuous Structures in NLP},
  month     = {June},
  year      = {2016},
  pages     = {47--57},
  url       = {http://aclweb.org/anthology/W16-0906}
}
@InProceedings{wang-EtAl:2016:SemEval,
  author    = {Wang, Chuan  and  Pradhan, Sameer  and  Pan, Xiaoman  and  Ji, Heng  and  Xue, Nianwen},
  title     = {{CAMR} at {S}em{E}val-2016 Task 8: An Extended Transition-based {AMR} Parser},
  booktitle = {Proc. of SemEval},
  month     = {June},
  year      = {2016},
  pages     = {1173--1178},
  url       = {http://aclweb.org/anthology/S16-1181}
}
@InProceedings{wang-xue-pradhan:2015:ACL-IJCNLP,
  author    = {Wang, Chuan  and  Xue, Nianwen  and  Pradhan, Sameer},
  title     = {Boosting Transition-based {AMR} Parsing with Refined Actions and Auxiliary Analyzers},
  booktitle = {Proc. of ACL},
  month     = {July},
  year      = {2015},
  pages     = {857--862},
  url       = {http://aclweb.org/anthology/P15-2141}
}
@InProceedings{schluter-EtAl:2014:SemEval,
  author    = {Schluter, Natalie  and  S{\o}gaard, Anders  and  Elming, Jakob  and  Hovy, Dirk  and  Plank, Barbara  and  Mart\'{i}nez Alonso, H\'{e}ctor  and  Johanssen, Anders  and  Klerke, Sigrid},
  title     = {Copenhagen-{M}alm\"{o}: Tree Approximations of Semantic Parsing Problems},
  booktitle = {Proc. of SemEval},
  month     = {August},
  year      = {2014},
  pages     = {213--217},
  url       = {http://aclweb.org/anthology/S14-2034}
}
@InProceedings{agic-koller:2014:SemEval,
  author    = {Agi\'{c}, \v{Z}eljko  and  Koller, Alexander},
  title     = {Potsdam: Semantic Dependency Parsing by Bidirectional Graph-Tree Transformations and Syntactic Parsing},
  booktitle = {Proc. of SemEval},
  month     = {August},
  year      = {2014},
  pages     = {465--470},
  url       = {http://aclweb.org/anthology/S14-2081}
}
@InProceedings{du-EtAl:2015:SemEval,
  author    = {Du, Yantao  and  Zhang, Fan  and  Zhang, Xun  and  Sun, Weiwei  and  Wan, Xiaojun},
  title     = {Peking: Building Semantic Dependency Graphs with a Hybrid Parser},
  booktitle = {Proc. of SemEval},
  month     = {June},
  year      = {2015},
  pages     = {927--931},
  url       = {http://aclweb.org/anthology/S15-2154}
}
@InProceedings{almeida-martins:2015:SemEval,
  author    = {Almeida, Mariana S. C.  and  Martins, Andr\'{e} F. T.},
  title     = {Lisbon: Evaluating {T}urbo{S}emantic{P}arser on Multiple Languages and Out-of-Domain Data},
  booktitle = {Proc. of SemEval},
  month     = {June},
  year      = {2015},
  pages     = {970--973},
  url       = {http://aclweb.org/anthology/S15-2162}
}
@InProceedings{thomson-EtAl:2014:SemEval,
  author    = {Thomson, Sam  and  O'Connor, Brendan  and  Flanigan, Jeffrey  and  Bamman, David  and  Dodge, Jesse  and  Swayamdipta, Swabha  and  Schneider, Nathan  and  Dyer, Chris  and  Smith, Noah A.},
  title     = {{CMU}: Arc-Factored, Discriminative Semantic Dependency Parsing},
  booktitle = {Proc. of SemEval},
  month     = {August},
  year      = {2014},
  pages     = {176--180},
  url       = {http://aclweb.org/anthology/S14-2027}
}
@InProceedings{ribeyre-villemontedelaclergerie-seddah:2014:SemEval,
  author    = {Ribeyre, Corentin  and  Villemonte de la Clergerie, Eric  and  Seddah, Djam\'{e}},
  title     = {Alpage: Transition-based Semantic Graph Parsing with Syntactic Features},
  booktitle = {Proc. of SemEval},
  month     = {August},
  year      = {2014},
  pages     = {97--103},
  url       = {http://aclweb.org/anthology/S14-2012}
}
@InProceedings{swayamdipta-EtAl:2016:CoNLL,
  author    = {Swayamdipta, Swabha  and  Ballesteros, Miguel  and  Dyer, Chris  and  Smith, Noah A.},
  title     = {Greedy, Joint Syntactic-Semantic Parsing with Stack {LSTM}s},
  booktitle = {Proc. of CoNLL},
  month     = {August},
  year      = {2016},
  pages     = {187--197},
  url       = {http://aclweb.org/anthology/K16-1019}
}
@article{henderson2013multilingual,
  title={Multilingual joint parsing of syntactic and semantic dependencies with a latent variable model},
  author={Henderson, James and Merlo, Paola and Titov, Ivan and Musillo, Gabriele},
  journal={Computational Linguistics},
  volume={39},
  number={4},
  pages={949--998},
  year={2013},
  publisher={MIT Press},
  url={http://cognet.mit.edu/node/27348}
}
@InProceedings{werling2015robust,
  author    = {Werling, Keenon  and  Angeli, Gabor  and  Manning, Christopher D.},
  title     = {Robust Subgraph Generation Improves {A}bstract {M}eaning {R}epresentation Parsing},
  booktitle = {Proc. of ACL},
  month     = {July},
  year      = {2015},
  pages     = {982--991},
  url       = {http://aclweb.org/anthology/P15-1095}
}
@article{kiperwasser2016simple,
  author = {Kiperwasser, Eliyahu  and Goldberg, Yoav},
  title = {Simple and Accurate Dependency Parsing Using Bidirectional {LSTM} Feature Representations},
  journal = {TACL},
  volume = {4},
  year = {2016},
  url = {https://transacl.org/ojs/index.php/tacl/article/view/885},
  pages = {313--327}
}
@InProceedings{andor2016globally,
  author    = {Andor, Daniel  and  Alberti, Chris  and  Weiss, David  and  Severyn, Aliaksei  and  Presta, Alessandro  and  Ganchev, Kuzman  and  Petrov, Slav  and  Collins, Michael},
  title     = {Globally Normalized Transition-Based Neural Networks},
  booktitle = {Proc. of ACL},
  month     = {August},
  year      = {2016},
  pages     = {2442--2452},
  url       = {http://aclweb.org/anthology/P16-1231}
}
@inproceedings{agic2015semantic,
  title={Semantic Dependency Graph Parsing Using Tree Approximations},
  author={Agi{\'c}, {\v{Z}}eljko and Koller, Alexander and Oepen, Stephan},
  booktitle={Proc. of IWCS},
  pages={217--227},
  year={2015},
  url={http://aclweb.org/anthology/W15-0126}
}
@Article{copestake2005minimal,
author="Copestake, Ann
and Flickinger, Dan
and Pollard, Carl
and Sag, Ivan A.",
title="Minimal Recursion Semantics: An Introduction",
journal="Research on Language and Computation",
year="2005",
month="Jul",
day="01",
volume="3",
number="2",
pages="281--332",
issn="1572-8706",
doi="10.1007/s11168-006-6327-9",
url="https://doi.org/10.1007/s11168-006-6327-9"
}
@inproceedings{fernandez2015parsing,
  title={Parsing as reduction},
  author={Fern{\'a}ndez-Gonz{\'a}lez, Daniel and Martins, Andr{\'e} FT},
  booktitle={Proc. of ACL},
  pages={1523--1533},
  year={2015},
  url={http://aclweb.org/anthology/P15-1147}
}
@inproceedings{pourdamghani2014aligning,
  title={Aligning {E}nglish Strings with {A}bstract {M}eaning {R}epresentation Graphs},
  author={Pourdamghani, Nima and Gao, Yang and Hermjakob, Ulf and Knight, Kevin},
  booktitle={Proc. of EMNLP},
  month     = {October},
  year      = {2014},
  pages     = {425--429},
  url       = {http://aclweb.org/anthology/D14-1048}
}
@InProceedings{kong-15,
  author    = {Lingpeng Kong and Alexander M. Rush and Noah A. Smith},
  title     = {Transforming Dependencies into Phrase Structures},
  booktitle = {Proc. of NAACL HLT},
  year      = {2015},
  url       = {https://aclweb.org/anthology/N15-1080}
}
@inproceedings{Schwartz:12,
  author = {Schwartz, Roy  and  Abend, Omri  and  Rappoport, Ari},
  title = {Learnability-based Syntactic Annotation Design},
  booktitle = {Proc. of COLING},
  year = {2012},
  pages     = {2405--2422},
  url       = {http://aclweb.org/anthology/C12-1147}
}
@article{schneider2014discriminative,
  title={Discriminative lexical semantic segmentation with gaps: running the {MWE} gamut},
  author={Schneider, Nathan and Danchik, Emily and Dyer, Chris and Smith, Noah A},
  journal={TACL},
  volume={2},
  pages={193--206},
  year={2014},
  url={http://aclweb.org/anthology/Q14-1016.pdf}
}
@techreport{goldberg2011learning,
  title={Learning sparser perceptron models},
  author={Goldberg, Yoav and Elhadad, Michael},
  year={2011},
  url={http://www.cs.bgu.ac.il/{\textasciitilde}yoavg/publications}
}
@inproceedings{Baker:98,
  Title={The Berkeley Framenet Project},
  Author={Baker, Collin F. and Fillmore, Charles J. and Lowe, John B.},
  Booktitle={ACL-COLING '98},
  Year={1998},
}
@Article{Palmer:05,
  author = 	"Palmer, Martha
		and Gildea, Daniel
		and Kingsbury, Paul",
  title = 	"The Proposition Bank: An Annotated Corpus of Semantic Roles",
  journal = 	"Computational Linguistics",
  year = 	"2005",
  volume = 	"31",
  number = 	"1",
  url = 	"http://www.aclweb.org/anthology/J05-1004"
}
@inproceedings{Palmer:10,
  Title={Evaluating FrameNet-style Semantic Parsing: The Role Of Coverage Gaps In FrameNet},
  Author={Palmer, A. And Sporleder, C.},
  Booktitle={COLING '10},
  Year={2010},
}
@article{roth2015inducing,
  author = {Michael Roth and Anette Frank},
  title = {{Inducing Implicit Arguments from Comparable Texts: A Framework and its Applications}},
  journal = {Computational Linguistics},
  volume = {41},
  year = {2015},
  pages = {625--664}
}
@inproceedings{Maier:Lichte:11,
  author = {Maier, Wolfgang and Lichte, Timm},
  title = {Characterizing Discontinuity in Constituent Treebanks},
  booktitle = {Proc. of Formal Grammar},
  year = {2009},
  number = {5591},
  series = {Lecture Notes in Artificial Intelligence},
  pages = {167--182},
  address = {Bordeaux, France},
  publisher = {Springer}
}
@InProceedings{zhang2009transition,
  author    = {Zhang, Yue  and  Clark, Stephen},
  title     = {Transition-Based Parsing of the {C}hinese Treebank using
    a Global Discriminative Model},
  booktitle = {Proc. of IWPT},
  month     = {October},
  year      = {2009},
  pages     = {162--171},
  url       = {http://aclweb.org/anthology/W09-3825}
}
@inproceedings{goldberg2012dynamic,
  title={A Dynamic Oracle for Arc-Eager Dependency Parsing},
  author={Goldberg, Yoav and Nivre, Joakim},
  booktitle={Proc. of COLING},
  pages={959--976},
  year={2012},
  url={http://aclweb.org/anthology/C12-1059}
}
@InProceedings{liu2015toward,
  author    = {Liu, Fei  and  Flanigan, Jeffrey  and  Thomson, Sam  and  Sadeh, Norman  and  Smith, Noah A.},
  title     = {Toward Abstractive Summarization Using Semantic Representations},
  booktitle = {Proc. of NAACL},
  year      = {2015},
  pages     = {1077--1086},
  url       = {http://aclweb.org/anthology/N15-1114}
}
@InProceedings{ambati2015incremental,
  author    = {Ambati, Bharat Ram  and  Deoskar, Tejaswini  and  Johnson, Mark  and  Steedman, Mark},
  title     = {An Incremental Algorithm for Transition-based {CCG} Parsing},
  booktitle = {Proc. of NAACL},
  year      = {2015},
  pages     = {53--63},
  url       = {http://aclweb.org/anthology/N15-1006}
}
@InProceedings{pust2015parsing,
  author    = {Pust, Michael  and  Hermjakob, Ulf  and  Knight, Kevin  and  Marcu, Daniel  and  May, Jonathan},
  title     = {Parsing {E}nglish into {A}bstract {M}eaning {R}epresentation Using Syntax-Based Machine Translation},
  booktitle = {Proc. of EMNLP},
  year      = {2015},
  pages     = {1143--1154},
  url       = {http://aclweb.org/anthology/D15-1136}
}
@InProceedings{vanderwende2015amr,
  author    = {Vanderwende, Lucy  and  Menezes, Arul  and  Quirk, Chris},
  title     = {An {AMR} parser for {E}nglish, {F}rench, {G}erman, {S}panish and {J}apanese and a new {AMR}-annotated corpus},
  booktitle = {Proc. of NAACL},
  year      = {2015},
  pages     = {26--30},
  url       = {http://aclweb.org/anthology/N15-3006}
}
@inproceedings{cai2011language,
  title={Language-independent parsing with empty elements},
  author={Cai, Shu and Chiang, David and Goldberg, Yoav},
  booktitle={Proc. of ACL},
  pages={212--216},
  year={2011},
}
@inproceedings{wang2015transition,
  title={A transition-based algorithm for {AMR} parsing},
  author={Wang, Chuan and Xue, Nianwen and Pradhan, Sameer},
  year={2015},
  booktitle={Proc. of NAACL},
  pages     = {366--375},
  url = {http://aclweb.org/anthology/N15-1040}
}
@article{nivre2007maltparser,
  title={{M}alt{P}arser: A language-independent system for data-driven dependency parsing},
  author={Nivre, Joakim and Hall, Johan and Nilsson, Jens and Chanev, Atanas and Eryigit, G{\"u}lsen and K{\"u}bler, Sandra and Marinov, Svetoslav and Marsi, Erwin},
  journal={Natural Language Engineering},
  volume={13},
  number={02},
  pages={95--135},
  year={2007},
  publisher={Cambridge Univ Press}
}
@mvbook{Dixon:basic,
  key={1},
  Volumes={3},
  Title={Basic Linguistic Theory},
  Author={Dixon, Robert M. W.},
  Year={2010/2012},
  Publisher={Oxford University Press}
}
@book{Dixon:10a,
  key={1},
  Volume={1},
  Title={Basic Linguistic Theory: Methodology},
  Author={Dixon, Robert M. W.},
  Year={2010},
  Publisher={Oxford University Press}
}
@book{Dixon:10b,
  key={2},
  Volume={2},
  Title={Basic Linguistic Theory: Grammatical Topics},
  Author={Dixon, Robert M. W.},
  Year={2010},
  Publisher={Oxford University Press}
}
@book{Dixon:12,
  Title={Basic Linguistic Theory: Further Grammatical Topics},
  Author={Dixon, Robert M. W.},
  Volume={3},
  Year={2012},
  Publisher={Oxford University Press}
}
@InProceedings{maier2015discontinuous,
  author    = {Maier, Wolfgang},
  title     = {Discontinuous Incremental Shift-reduce Parsing},
  booktitle = {Proc. of ACL},
  month     = {July},
  year      = {2015},
  pages     = {1202--1212},
  url       = {http://aclweb.org/anthology/P15-1116}
}
@inproceedings{dyer2015transition,
  author={Chris Dyer and Miguel Ballesteros and Wang Ling and Austin Matthews and Noah A. Smith},
  title={Transition-based Dependeny Parsing with Stack Long Short-Term Memory},
  booktitle={Proc. of ACL},
  year = {2015},
  pages     = {334--343},
  url={http://aclweb.org/anthology/P15-1033}
}
@InProceedings{ballesteros2015improved,
  author    = {Ballesteros, Miguel  and  Dyer, Chris  and  Smith, Noah A.},
  title     = {Improved Transition-based Parsing by Modeling Characters instead of Words with {LSTM}s},
  booktitle = {Proc. of EMNLP},
  year      = {2015},
  pages     = {349--359},
}
@inproceedings{sulem2015conceptual,
  title={Conceptual Annotations Preserve Structure across Translations: A {F}rench-{E}nglish Case Study},
  author={Sulem, Elior and Abend, Omri and Rappoport, Ari},
  year={2015},
  booktitle={Proc. of S2MT},
  pages = {11-22},
  url = {http://aclweb.org/anthology/W15-3502}
}
@INPROCEEDINGS{Nivre03anefficient,
  author = {Joakim Nivre},
  title = {An Efficient Algorithm for Projective Dependency Parsing},
  booktitle = {Proc. of IWPT},
  year = {2003},
  pages = {149--160},
  url={http://aclweb.org/anthology/W06-2933}
}
@InProceedings{nivre2004incrementality,
  author    = {Nivre, Joakim},
  title     = {Incrementality in Deterministic Dependency Parsing},
  booktitle = {Proc. of ACL Workshop Incremental Parsing: Bringing Engineering and Cognition Together},
  editor    = {Frank Keller and Stephen Clark and Matthew Crocker and Mark Steedman},
  year      = 2004,
  month     = {July},
  pages     = {50--57},
  url       = {http://aclweb.org/anthology/W04-0308}
}
@InProceedings{nivre2009non,
  author    = {Nivre, Joakim},
  title     = {Non-Projective Dependency Parsing in Expected Linear Time},
  booktitle = {Proc. of ACL},
  year      = {2009},
  pages     = {351--359},
  url       = {http://aclweb.org/anthology/P09-1040}
}
@InProceedings{abend2013universal,
  author    = {Abend, Omri  and  Rappoport, Ari},
  title     = {{U}niversal {C}onceptual {C}ognitive {A}nnotation ({UCCA})},
  booktitle = {Proc. of ACL},
  month     = {August},
  year      = {2013},
  pages     = {228--238},
  url       = {http://aclweb.org/anthology/P13-1023}
}
@InProceedings{zhu2013fast,
  title     = {Fast and Accurate Shift-Reduce Constituent Parsing},
  author    = {Zhu, Muhua and Zhang, Yue and Chen, Wenliang and Zhang, Min and Zhu, Jingbo},
  booktitle = {Proc. of ACL},
  year      = {2013},
  pages     = {434--443},
  url       = {http://aclweb.org/anthology/P13-1043}
}
@InProceedings{flanigan2014discriminative,
  author    = {Flanigan, Jeffrey  and  Thomson, Sam  and  Carbonell, Jaime  and  Dyer, Chris  and  Smith, Noah A.},
  title     = {A Discriminative Graph-Based Parser for the {A}bstract {M}eaning {R}epresentation},
  booktitle = {Proc. of ACL},
  year      = {2014},
  pages     = {1426--1436},
  url={http://aclweb.org/anthology/P14-1134}
}
@InProceedings{artzi2015broad,
  author    = {Artzi, Yoav  and  Lee, Kenton  and  Zettlemoyer, Luke},
  title     = {Broad-coverage {CCG} Semantic Parsing with {AMR}},
  booktitle = {Proc. of EMNLP},
  month     = {September},
  year      = {2015},
  pages     = {1699--1710},
  url       = {http://aclweb.org/anthology/D15-1198}
}
@inproceedings{bos2005towards,
  title={Towards wide-coverage semantic interpretation},
  author={Bos, Johan},
  booktitle={Proc. of IWCS},
  volume={6},
  pages={42--53},
  year={2005},
  url={http://www.let.rug.nl/bos/pubs/Bos2005IWCS.pdf}
}
@inproceedings{banarescu2013abstract,
  title={{A}bstract {M}eaning {R}epresentation for sembanking},
  author={Banarescu, Laura and Bonial, Claire and Cai, Shu and Georgescu, Madalina and Griffitt, Kira and Hermjakob, Ulf and Knight, Kevin and Palmer, Martha and Schneider, Nathan},
  booktitle={Proc. of the Linguistic Annotation Workshop},
  year={2013},
  url={http://aclweb.org/anthology/W13-2322}
}
@inproceedings{sagae2008shift,
  title={Shift-reduce dependency {DAG} parsing},
  author={Sagae, Kenji and Tsujii, Jun'ichi},
  booktitle={Proc. of COLING},
  pages={753--760},
  year={2008},
  url={http://aclweb.org/anthology/C08-1095}
}
@InProceedings{tokgoz2015transition,
  author    = {Tokg{\"o}z, Alper and Eryi\u{g}it, G{\"u}lsen},
  title     = {Transition-based Dependency {DAG} Parsing Using Dynamic Oracles},
  booktitle = {Proc. of ACL Student Research Workshop},
  year      = {2015},
  pages     = {22--27},
  url       = {http://aclweb.org/anthology/P15-3004}
}
@InProceedings{oepen2014semeval,
  author    = {Oepen, Stephan and Kuhlmann, Marco and Miyao, Yusuke and Zeman, Daniel and Flickinger, Dan and Haji\v{c}, Jan and Ivanova, Angelina and Zhang, Yi},
  title     = {{S}em{E}val 2014 Task 8: Broad-coverage semantic dependency parsing},
  booktitle = {Proc. of SemEval},
  year      = {2014},
  pages     = {63--72},
  url       = {http://aclweb.org/anthology/S14-2008}
}
@InProceedings{oepen2015semeval,
  author    = {Oepen, Stephan and Kuhlmann, Marco and Miyao, Yusuke and Zeman, Daniel and Cinkov{\'a}, Silvie and Flickinger, Dan and Haji\v{c}, Jan and Ure\v{s}ov{\'a}, Zde\v{n}ka},
  title     = {{S}em{E}val 2015 Task 18: Broad-Coverage Semantic Dependency Parsing},
  booktitle = {Proc. of SemEval},
  year      = {2015},
  pages     = {915--926},
  url       = {http://aclweb.org/anthology/S15-2153}
}
@
@inproceedings{Coll:97,
  year="1997",
  author="Collins, Michael",
  title="Three Generative Lexicalized Models for
    Statistical Parsing",
  booktitle="Proc. of ACL",
  pages="16--23",
  organization="ACL",
  address="Madrid",
}
@inproceedings{Coll:04,
  title={Incremental Parsing with the Perceptron Algorithm},
  author={Collins, Michael and Roark, Brian},
  booktitle={Proc. of ACL},
  pages={111-118},
  year={2004},
  url={http://aclweb.org/anthology/P04-1015}
}
book{Emon:76,
  year="1976",
  author="Emonds, Joseph",
  title="A Transformational Approach to {E}nglish Syntax",
  publisher="Academic Press",
  address="New York",
}
Article{Ferr:03,
  author = 	 {Ferreira, Fernanda},
  title = 	 {The Misinterpretation of Noncanonical Sentences},
  journal = 	 {Cognitive Psychology},
  year = 	 {2003},
  volume = 	 {47},
  pages = 	 {164-203},
}
@InCollection{Flic:00,
  author = 	 {Flickinger, Daniel},
  title = 	 {On Building a More Efficient Grammar by Exploiting Types},
  booktitle = 	 {Collaborative Language Engineering},
  publisher = {CLSI},
  year = 	 {2000},
  pages={15-28},
  volume={6},
  address = 	 {Stanford,~CA},
}
@inproceedings{Ivanova2012who,
  author    = {Ivanova, Angelina and  Oepen, Stephan
    and {\O}vrelid, Lilja  and  Flickinger, Dan},
  title     = {Who Did What to Whom?
    {A} Contrastive Study of Syntacto-Semantic Dependencies},
  booktitle = {Proc. of LAW},
  year      = 2012,
  pages     = {2--11},
  url={http://aclweb.org/anthology/W12-3602}
}
@InCollection{Joshi:97,
  title={{T}ree-{A}djoining {G}rammars},
  author={Joshi, Aravind and Schabes, Yves},
  booktitle={Handbook of Formal Languages},
  editor = {Rozenberg, Grzegorz and Salomaa, Arto},
  volume = {3},
  pages={69-124},
  year={1997},
  publisher = {Springer},
  address = {Berlin},
}
`
@article{mikolov2013efficient,
  title={Efficient Estimation of Word Representations in Vector Space},
  author={Mikolov, Tomas and Chen, Kai and Corrado, Greg and Dean, Jeffrey},
  journal = {CoRR},
  volume = {abs/1301.3781},
  year={2013},
  url={https://arxiv.org/pdf/1301.3781}
}
@Book{Nivr:06,
  author = 	 {Nivre, Joakim},
  title = 	 {Inductive Dependency Parsing},
  publisher = 	 {Springer},
  year = 	 {2006},
  address = 	 {Dordrecht},
}
@book{PandS:94,
  year="1994",
  author="Pollard, Carl and Ivan Sag",
  title="Head Driven Phrase Structure
    Grammar",
  publisher="CSLI Publications",
  address="Stanford,~CA",
}
@inproceedings{sagae2005classifier,
  title={A classifier-based parser with linear run-time complexity},
  author={Sagae, Kenji and Lavie, Alon},
  booktitle={Proc. of IWPT},
  month     = {October},
  year      = {2005},
  pages     = {125--132},
  url       = {http://aclweb.org/anthology/W05-1513}
}
@article{Shi:00     ,
  title={Topic and Topic-Comment Constructions in {M}andarin {C}hinese},
  author={Shi, Dingxu},
  journal={Language},
  pages={383-408},
  year={2000},
}
@book{Steedman:00,
  year="2000",
  author="Steedman, Mark",
  title="The Syntactic Process",
  publisher="MIT Press",
  address="Cambridge, MA",
}
@Book{Tesn:59,
  author = 	 {Tesni\'{e}re, Lucien},
  title = 	 {Elements de syntaxe structuralle},
  publisher = 	 {Klincksieck},
  year = 	 {1959},
  key = 	 {dependency grammar},
  address = 	 {Paris},
  edition = 	 {2},
}
InCollection{ThompsonSchill:13,
  author = 	 {Thompson-Schill, Sharon and Hagoort, Peter and
    Ford Dominey, Peter and Honing, Henkjan and Koelsch,
    Stefan and Ladd, D. Robert and Lerdahl, Fred and
      Levinson, Stephen and Steedman, Mark},
  title = 	 {Multiple Levels of Structure in Language and Music},
  booktitle = 	 {Language, Music, and the Brain: A Mysterious Relationship},
  pages = 	 {225-239},
  publisher = {MIT Press},
  year = 	 {2013},
  editor = 	 {Arbib, Michael},
  address = 	 {Cambridge, MA},
}
